<?xml version="1.0" encoding="UTF-8"?>
<collection xmlns:xsi="http://www.w3.org/2001/XMLSchema-instance" xsi:schemaLocation="http://www.loc.gov/MARC21/slim http://www.loc.gov/standards/marcxml/schema/MARC21slim.xsd" xmlns="http://www.loc.gov/MARC21/slim">
<record>
  <leader>02654cam a2200433 a 4500</leader>
  <controlfield tag="001">638914</controlfield>
  <controlfield tag="003">NNC</controlfield>
  <controlfield tag="005">20140126205319.0</controlfield>
  <controlfield tag="008">880407s1986    ir            001 0 ara d</controlfield>
  <datafield tag="035" ind1=" " ind2=" ">
    <subfield code="a">(OCoLC)58646209</subfield>
  </datafield>
  <datafield tag="035" ind1=" " ind2=" ">
    <subfield code="a">(OCoLC)ocm58646209</subfield>
  </datafield>
  <datafield tag="035" ind1=" " ind2=" ">
    <subfield code="a">(CStRLIN)NYCG88-B24601</subfield>
  </datafield>
  <datafield tag="035" ind1=" " ind2=" ">
    <subfield code="a">(NNC)638914</subfield>
  </datafield>
  <datafield tag="035" ind1=" " ind2=" ">
    <subfield code="a">638914</subfield>
  </datafield>
  <datafield tag="040" ind1=" " ind2=" ">
    <subfield code="d">MiU</subfield>
    <subfield code="d">NjP</subfield>
    <subfield code="d">NN</subfield>
    <subfield code="d">MH</subfield>
    <subfield code="d">UkOxU</subfield>
  </datafield>
  <datafield tag="041" ind1="0" ind2=" ">
    <subfield code="a">araper</subfield>
  </datafield>
  <datafield tag="066" ind1=" " ind2=" ">
    <subfield code="c">(3</subfield>
    <subfield code="c">(4</subfield>
  </datafield>
  <datafield tag="090" ind1=" " ind2=" ">
    <subfield code="a">Arab.</subfield>
    <subfield code="b">d.8382</subfield>
  </datafield>
  <datafield tag="100" ind1="1" ind2=" ">
    <subfield code="6">880-01</subfield>
    <subfield code="a">Ibn al-Muṭahhar al-Ḥillī, al-Ḥasan ibn Yūsuf,</subfield>
    <subfield code="d">1250-1325.</subfield>
  </datafield>
  <datafield tag="245" ind1="1" ind2="3">
    <subfield code="6">880-02</subfield>
    <subfield code="a">al-Bāb al-Ḥādī ʻashar lil-ʻallāmah Ḥilli. Maʻa sharḥayh al-Nāfiʻ yawm al-ḥashr / li-Miqdād ibn ʻAbd Allāh al-Suyūrī. Wa-Miftāḥ al-Bāb / li-Abī al-Fatḥ ibn Makhdūm al-Ḥusaynī ; ḥaqqaqahu wa-qaddama ʻalayhi Mahdī Muḥaqqiq.</subfield>
  </datafield>
  <datafield tag="246" ind1="1" ind2="5">
    <subfield code="a">al-Bab al-hadi'ashar lil-'Allama al-Hilli</subfield>
  </datafield>
  <datafield tag="260" ind1=" " ind2=" ">
    <subfield code="6">880-03</subfield>
    <subfield code="a">Tihrān :</subfield>
    <subfield code="b">Muʾassasah-i Muṭālaʻāt-i Islāmī-i Dānishgāh-i Makgīl bā hamkārī-i Dānishgāh-i Tihrān,</subfield>
    <subfield code="c">1365 [1986]</subfield>
  </datafield>
  <datafield tag="300" ind1=" " ind2=" ">
    <subfield code="a">[21], 292 p. ;</subfield>
    <subfield code="c">25 cm.</subfield>
  </datafield>
  <datafield tag="490" ind1="1" ind2=" ">
    <subfield code="6">880-04</subfield>
    <subfield code="a">Silsilah-i dānish-i Īrānī ;</subfield>
    <subfield code="v">38.</subfield>
  </datafield>
  <datafield tag="546" ind1=" " ind2=" ">
    <subfield code="a">In Arabic; some Persian.</subfield>
  </datafield>
  <datafield tag="500" ind1=" " ind2=" ">
    <subfield code="a">Includes indexes.</subfield>
  </datafield>
  <datafield tag="650" ind1=" " ind2="0">
    <subfield code="a">Shīʻah</subfield>
    <subfield code="x">Doctrines</subfield>
    <subfield code="v">Early works to 1800.</subfield>
  </datafield>
  <datafield tag="700" ind1="1" ind2=" ">
    <subfield code="6">880-05</subfield>
    <subfield code="a">Suyūrī, al-Miqdād ibn ʻAbd Allāh,</subfield>
    <subfield code="d">-1423.</subfield>
    <subfield code="t">Nāfiʻ yawm al-ḥashr fī sharḥ Bāb al-ḥādī ʻashar.</subfield>
  </datafield>
  <datafield tag="700" ind1="1" ind2=" ">
    <subfield code="6">880-06</subfield>
    <subfield code="a">Ḥusaynī, Abū al-Fatḥ ibn Makhdūm,</subfield>
    <subfield code="d">active 1548.</subfield>
    <subfield code="t">Miftāḥ al-Bāb.</subfield>
  </datafield>
  <datafield tag="700" ind1="1" ind2=" ">
    <subfield code="6">880-07</subfield>
    <subfield code="a">Muḥaqqiq, Mahdī.</subfield>
  </datafield>
  <datafield tag="830" ind1=" " ind2="0">
    <subfield code="6">880-08</subfield>
    <subfield code="a">Silsilah-ʼi dānish-i Īrānī ;</subfield>
    <subfield code="v">38.</subfield>
  </datafield>
  <datafield tag="880" ind1="1" ind2=" ">
    <subfield code="6">100-01/(3/r</subfield>
    <subfield code="a">ابن المطهر الحلي، الحسن بن يوسف,</subfield>
    <subfield code="d">1250-1325.</subfield>
  </datafield>
  <datafield tag="880" ind1="1" ind2="2">
    <subfield code="6">245-02/(3/r</subfield>
    <subfield code="a">الباب الحادي عشر للحلي. مع شرحيه النافع يوم الحشر / لمقداد بن عبد الله السيوري. ومفتاح الباب / لأبي الفتح مخدوم الحسيني ؛ حققه وقدم عليه مهدى محقق.</subfield>
  </datafield>
  <datafield tag="880" ind1=" " ind2=" ">
    <subfield code="6">260-03/(3/r</subfield>
    <subfield code="a">تهران :</subfield>
    <subfield code="b">مؤسسۀ مطالعات اسلامى دانشگاه مك گيل با همكارى دانشگاه تهران،</subfield>
    <subfield code="c">١٣٦٥.</subfield>
  </datafield>
  <datafield tag="880" ind1="1" ind2=" ">
    <subfield code="6">490-04/(3/r</subfield>
    <subfield code="a">سلسلۀ دانش ايرانى ؛</subfield>
    <subfield code="v">٣٨.</subfield>
  </datafield>
  <datafield tag="880" ind1="1" ind2="2">
    <subfield code="6">700-05/(3/r</subfield>
    <subfield code="a">سيوري، المقداد بن عبد الله,</subfield>
    <subfield code="d">-1423.</subfield>
    <subfield code="t">نافع يوم الحشر في شرح باب الحادي عشر.</subfield>
  </datafield>
  <datafield tag="880" ind1="1" ind2="2">
    <subfield code="6">700-06/(3/r</subfield>
    <subfield code="a">حسيني، أبو الفتح بن مخدوم,</subfield>
    <subfield code="d">active 1548.</subfield>
    <subfield code="t">مفتاح الباب.</subfield>
  </datafield>
  <datafield tag="880" ind1="1" ind2=" ">
    <subfield code="6">700-07/(3/r</subfield>
    <subfield code="a">محقق، مهدى.</subfield>
  </datafield>
  <datafield tag="880" ind1=" " ind2="0">
    <subfield code="6">830-08/(3/r</subfield>
    <subfield code="a">سلسلۀ دانش ايرانى ؛</subfield>
    <subfield code="v">٣٨.</subfield>
  </datafield>
  <datafield tag="955" ind1=" " ind2=" ">
    <subfield code="b">0064322181</subfield>
    <subfield code="d">glx</subfield>
    <subfield code="e">BJ1291 .I246 1986g</subfield>
  </datafield>
</record>
</collection>